
@InBook{chisquare,
author = {Joseph K. Blitzstein; Jessica Hwang},
title = {Introduction to Probability},
publisher = {Chapman and Hall/CRC},
year = {2014},
edition = {1},
pages = {441--443}
}